<?xml version="1.0" encoding="UTF-8"?><collection xmlns="http://www.loc.gov/MARC21/slim"><record><leader>00563nam--2200181-i-4500</leader><controlfield tag="001">000001684</controlfield><controlfield tag="002">20161230</controlfield><controlfield tag="005">20161230201024</controlfield><controlfield tag="008">060222s1000------------r-----000-0-fre-d</controlfield><datafield ind1=" " ind2=" " tag="040"><subfield code="a">IFIN-HH</subfield></datafield><datafield ind1=" " ind2=" " tag="041"><subfield code="a">fre</subfield></datafield><datafield ind1=" " ind2=" " tag="080"><subfield code="a">015:539.2</subfield></datafield><datafield ind1="1" ind2=" " tag="100"><subfield code="a">Franco Da Cunha, Sonia</subfield></datafield><datafield ind1="1" ind2="0" tag="245"><subfield code="a">Etude de la diffusion du zinc et du lithium dans gasb et transport dans gasb compense au lithium</subfield><subfield code="b">These</subfield><subfield code="c">Sonia franco da cunha</subfield></datafield><datafield ind1=" " ind2=" " tag="260"><subfield code="a">Montpellier</subfield><subfield code="b">Universite Des Sciences Et Techniques</subfield><subfield code="c">1972</subfield></datafield><datafield ind1=" " ind2=" " tag="300"><subfield code="a">144 P</subfield></datafield><datafield ind1=" " ind2=" " tag="852"><subfield code="a">38156</subfield><subfield code="c">539.2</subfield></datafield><datafield ind1=" " ind2=" " tag="CAT"><subfield code="a">Sys</subfield><subfield code="c">20121023</subfield><subfield code="h">100100</subfield></datafield></record></collection>